<?xml version="1.0" encoding="UTF-8"?><collection xmlns="http://www.loc.gov/MARC21/slim"><record><leader>00564nam--2200205-i-4500</leader><controlfield tag="001">000044977</controlfield><controlfield tag="002">20161230</controlfield><controlfield tag="005">20170126134651</controlfield><controlfield tag="008">060222s1000------------r-----000-0-eng-d</controlfield><datafield ind1=" " ind2=" " tag="020"><subfield code="a">3540183272</subfield></datafield><datafield ind1=" " ind2=" " tag="040"><subfield code="a">IFIN-HH</subfield></datafield><datafield ind1=" " ind2=" " tag="080"><subfield code="a">538.91:530.182</subfield></datafield><datafield ind1="1" ind2=" " tag="100"><subfield code="a">Toda, Morikazu</subfield></datafield><datafield ind1="1" ind2="0" tag="245"><subfield code="a">Theory of Nonlinear Lattices</subfield><subfield code="c">Morizaku Toda</subfield></datafield><datafield ind1=" " ind2=" " tag="250"><subfield code="a">Second Enlargend Edition</subfield></datafield><datafield ind1=" " ind2=" " tag="260"><subfield code="a">Berlin</subfield><subfield code="b">Springer-Verlag</subfield><subfield code="c">1989</subfield></datafield><datafield ind1=" " ind2=" " tag="300"><subfield code="a">X+223P</subfield></datafield><datafield ind1=" " ind2=" " tag="490"><subfield code="a">Springer Series in Solid-State Sciences</subfield><subfield code="v">Vol. 20</subfield></datafield><datafield ind1=" " ind2=" " tag="852"><subfield code="a">46526</subfield><subfield code="c">539.2</subfield></datafield><datafield ind1=" " ind2=" " tag="CAT"><subfield code="a">SYS</subfield><subfield code="c">20170126</subfield><subfield code="h">134651</subfield></datafield></record></collection>